@book{Ross2010,
    author    = {Sheldon M. Ross},
    title     = {Introduction to Probability Models},
    edition   = {10th},
    year      = {2010},
    publisher = {Academic Press},
    address   = {Burlington, MA},
    isbn      = {978-0-12-375686-2}
}

@online{binomial_options_pricing_yt,
    title        = {Binomial Options Pricing Model Explained},
    year         = 2024,
    author       = {The Plain Bagel},
    url          = {https://www.youtube.com/watch?v=eA5AtTx3rRI},
}

